% This file was created with JabRef 2.10b2.
% Encoding: UTF-8

@inproceedings{Geneves2012,
	Address 					= {New York, New York, USA},
	Author 						= {Geneves, Pierre and Layaida, Nabil and Quint, Vincent},
	Booktitle 					= {Proceedings of the 21st international conference on World Wide Web - WWW '12},
	DOI 						= {10.1145/2187836.2187946},
	ISBN 						= {9781450312295},
	keywords 					= {CSS,debugging,style sheets,web development},
	Month 						= {April},
	Pages 						= {809},
	Publisher 					= {ACM Press},
	Title 						= {On the analysis of cascading style sheets},
	url 						= {http://dl.acm.org/citation.cfm?id=2187836.2187946},
	Year 						= {2012}
}

@article{Marden1999,
	Author 						= {Marden, P.M. and Munson, E.V.},
	DOI 						= {10.1109/2.803645},
	ISBN 						= {http://dx.doi.org/10.1109/2.803645},
	ISSN 						= {00189162},
	Journal 					= {Computer},
	Number 						= {11},
	Pages 						= {123--125},
	Title 						= {Today's style sheet standards: the great vision blinded},
	url 						= {http://www.researchgate.net/publication/2955166\_Today's\_style\_sheet\_standards\_the\_great\_vision\_blinded},

	Volume 						= {32},
	Year 						= {1999}
}

@InProceedings{KellerNuss2010,
	Title                    = {CSS code quality: A metric for abstractness or why humans beat machines in CSS coding},
	Author                   = {Keller, Matthias and Nussbaumer, Martin},
	Booktitle                = {Quality of Information and Communications Technology (QUATIC), 2010 Seventh International Conference on the},
	Year                     = {2010},
	
	Pages                    = {116-121},
	Publisher                = {IEEE},
	
	ISBN                     = {978-1-4244-8539-0},
	Keywords                 = {Cascading style sheets, code quality, presentation authoring, quality metrics},
	
}

@InProceedings{Mesbah2012,
	Author 				   = {Mesbah, Ali and Mirshokraie, Shabnam},
	Title 				   = {Automated Analysis of CSS Rules to Support Style Maintenance},
	Booktitle 			   = {Proceedings of the 34th International Conference on Software Engineering},
	Series 				   = {ICSE '12},
	Year 				   = {2012},
	ISBN 				   = {978-1-4673-1067-3},
	Location 			   = {Zurich, Switzerland},
	Pages 				   = {408--418},
	Numpages 			   = {11},
	url 				   = {http://dl.acm.org/citation.cfm?id=2337223.2337272},
	Publisher 			   = {IEEE Press},
	Address 			   = {Piscataway, NJ, USA},
} 

@inproceedings{Badros1999,
	author 					= {Badros, Greg J. and Borning, Alan and Marriott, Kim and Stuckey, Peter},
	title 					= {Constraint Cascading Style Sheets for the Web},
	booktitle 				= {Proceedings of the 12th Annual ACM Symposium on User Interface Software and Technology},
	series 					= {UIST '99},
	year 					= {1999},
	isbn 					= {1-58113-075-9},
	location 				= {Asheville, North Carolina, USA},
	pages 					= {73--82},
	numpages 				= {10},
	url 					= {http://doi.acm.org/10.1145/320719.322588},
	doi 					= {10.1145/320719.322588},
	acmid 					= {322588},
	publisher 				= {ACM},
	address 				= {New York, NY, USA},
	keywords 				= {CCSS, CSS, Cassowary, HTML, cascading style sheets, constraints, page layout, style sheets, world wide web},
} 

@misc{Freitas2000,
	abstract 				= {O foco deste artigo é sobre conceitos de pesquisa tipo Survey, amostragem e métodos de amostragem. Cuidados ao elaborar um questionário.},
	author 					= {Freitas, Henrique and Oliveira, Mirian},
	booktitle 				= {Revista de Administração},
	pages 					= {105--112},
	title 					= {O Método de pesquisa Survey},
	url 					= {http://www.rausp.usp.br/download.asp?file=3503105.pdf},
	year 					= {2000}
}

@article{Weiss2006,
	author 					= {Weiss, Aaron},
	title 					= {The Web Designer's Dilemma: When Standards and Practice Diverge},
	journal 				= {netWorker},
	issue_date 				= {March 2006},
	volume 					= {10},
	number 					= {1},
	month 					= mar,
	year 					= {2006},
	issn 					= {1091-3556},
	pages 					= {18--25},
	numpages 				= {8},
	url 					= {http://doi.acm.org/10.1145/1120564.1120565},
	doi 					= {10.1145/1120564.1120565},
	acmid 					= {1120565},
	publisher 				= {ACM},
	address 				= {New York, NY, USA},
} 

@misc{Ieee1990,
	abstract 				= {Describes the IEEE Std 610.12-1990, IEEE standard glossary of software engineering terminology, which identifies terms currently in use in the field of software engineering. Standard definitions for those terms are established.},
	author 					= {Ieee},
	booktitle 				= {Office},
	doi 					= {10.1109/IEEESTD.1990.101064},

	isbn 					= {155937067X},
	keywords 				= {definitions,dictionary,glossary,software engineering,terminology},
	number 					= {1},
	pages 					= {1},
	title 					= {IEEE Standard Glossary of Software Engineering Terminology},
	url 					= {http://ieeexplore.ieee.org/xpls/abs\_all.jsp?arnumber=159342},
	volume 					= {121990},
	year 					= {1990}
}

@inproceedings{Geneves2012,
	address 				= {New York, New York, USA},
	author 					= {Geneves, Pierre and Layaida, Nabil and Quint, Vincent},
	booktitle 				= {Proceedings of the 21st international conference on World Wide Web - WWW '12},
	doi 					= {10.1145/2187836.2187946},
	isbn 					= {9781450312295},
	keywords 				= {CSS,debugging,style sheets,web development},
	month 					= apr,
	pages 					= {809},
	publisher 				= {ACM Press},
	title 					= {On the analysis of cascading style sheets},
	url 					= {http://dl.acm.org/citation.cfm?id=2187836.2187946},
	year 					= {2012}
}

@inproceedings{Quint2007,
	address 				= {New York, New York, USA},
	author 					= {Quint, Vincent and Vatton, Irne},
	booktitle 				= {Proceedings of the 2007 ACM symposium on Document engineering - DocEng '07},
	doi 					= {10.1145/1284420.1284460},
	isbn 					= {9781595937766},
	keywords 				= {CSS,document authoring,style languages,web editing},
	month 					= aug,
	pages 					= {151},
	publisher 				= {ACM Press},
	title 					= {Editing with style},
	url 					= {http://dl.acm.org/citation.cfm?id=1284420.1284460},
	year 					= {2007}
}

@Misc{W3Ccss2015,
  Title                    = {CSS},

  Author                   = {W3C},
  Year                     = {2015},

  Timestamp                = {2015.05.21},
  Url                      = {http://www.w3.org/Style/CSS},
  Urlaccessdate            = {21 de maio de 2015}
}

@Misc{W3Chtml2015,
  Title                    = {HTML},

  Author                   = {W3C},
  Year                     = {2015},

  Timestamp                = {2015.05.24},
  Url                      = {http://www.w3.org/html/},
  Urlaccessdate            = {24 de maio de 2015}
}

@Misc{HTMLspec2014,
  Title                    = {HTML5: A vocabulary and associated APIs for HTML and XHTML},

  Author                   = {Hickson, Ian and Berjon, Robin and Faulkner, Steve and Leithead, Travis and Navara, Erika Doyle and O'Connor, Edward and Pfeiffer, Silvia},
  Year                     = {2014},

  Timestamp                = {2014.10.28},
  Url                      = {http://www.w3.org/TR/html/introduction.html#a-quick-introduction-to-html},
  Urlaccessdate            = {24 de maio de 2015}
}

@Misc{CSSspec2009,
  Title                    = {Selectors Level 3},

  Author                   = {Çelik, Tantek and Etemad, Elika J. and Glazman, Daniel and Hickson, Ian and Linss, Peter and Williams, John},
  Year                     = {2009},

  Timestamp                = {2009.12.15},
  Url                      = {http://www.w3.org/TR/2009/PR-css3-selectors-20091215/},
  Urlaccessdate            = {24 de maio de 2015}
}

@Misc{CSScascade2015,
  Title                    = {CSS Cascading and Inheritance Level 4},

  Author                   = {fantasai and Atikns, Tab},
  Year                     = {2015},

  Timestamp                = {2015.04.21},
  Url                      = {http://www.w3.org/TR/2015/WD-css-cascade-4-20150421/},
  Urlaccessdate            = {27 de maio de 2015}
}